1553 2607
500 144 672 216 vierter
682 141 841 210 Theil.

1240 165 1270 210 3

157 272 300 344 geſtalt
323 277 405 326 vor
433 263 554 328 ihren
575 262 754 330 Stifter
773 258 979 319 erklaͤret,
1008 259 1098 322 daß
1118 261 1172 326 ſie
1191 267 1279 314 aus

1156 325 1275 386 deſen

275 423 438 486 Buch,
471 423 603 485 ſtehen
626 426 657 484 ſ.
666 439 737 481 29.
763 433 835 474 wo
858 435 904 471 es
924 419 1068 478 heiſet:
1100 425 1279 487 Zweyte

273 490 495 551 Warheit
571 484 685 544 Daß
710 486 784 540 ich
817 487 889 535 die
911 482 1277 542 Puͤncktlichkeit

274 554 438 611 meiner
459 550 780 609 Lutheriſchen
805 543 1088 617 Verfaſſung
1118 551 1276 607 ſoweit

260 621 496 689 pouſſiret/
518 611 615 674 daß
635 612 703 664 ich
727 610 863 680 ſogar
880 610 928 659 in
948 610 1273 672 Penſylvanien

271 676 402 729 alwo
412 676 533 727 mein
544 671 1040 734 Haupt-Augenmerck
1048 676 1173 730 war/
1173 676 1272 730 den

269 736 445 795 Verfall
465 742 544 791 der
563 724 839 797 Religionen
856 737 956 785 und
972 740 1076 786 aller
1091 737 1270 790 Kirch-

268 801 449 859 lichkeit
479 798 781 858 uͤberhaupt,
811 809 867 855 zu
887 794 1143 859 redreſſiren,
1173 813 1270 851 we-

268 873 358 927 gen
388 864 465 915 der
495 862 680 922 diverſen
702 862 989 921 Liturgien/
1024 862 1094 913 die
1124 863 1268 924 ernſte

266 922 547 986 Verfuͤgung
586 921 868 986 getroffen/
890 921 988 984 daß
1018 927 1164 976 weder
1193 931 1266 976 ein

265 984 606 1049 Reformirter/
615 987 733 1039 noch
744 985 815 1036 ein
824 983 1120 1044 Maͤhriſcher
1130 988 1263 1039 Bru-

267 1054 379 1103 der/
411 1049 494 1110 bey
518 1047 687 1107 unſerer
705 1050 920 1108 dortigen
938 1048 1262 1106 Lutheriſchen

263 1110 583 1165 Communion
608 1111 833 1159 admittiret
859 1112 1035 1163 werde/
1063 1116 1158 1162 und
1177 1110 1261 1172 auf

262 1176 369 1228 dem
385 1170 679 1233 oͤffentlichen
699 1174 866 1230 Confeſſu
882 1175 984 1225 aller
998 1173 1263 1235 proteſtan-

258 1235 429 1296 tiſchen
459 1234 736 1306 Religionen
764 1232 995 1292 daſelbſt/
1034 1237 1158 1291 mich
1171 1248 1259 1290 vor

260 1301 353 1353 den
365 1297 686 1358 Lutheriſchen
702 1295 931 1356 teutſchen
956 1293 1141 1357 Pfarrer
1160 1312 1258 1353 von

259 1363 616 1424 Philadelphia/
647 1365 725 1412 der
741 1362 815 1414 ich
834 1373 966 1412 war/
997 1362 1085 1412 den
1097 1361 1261 1422 erſten/

257 1427 359 1480 und
368 1423 417 1497 ſo
417 1423 554 1497 lange
564 1423 634 1477 ich
644 1426 707 1473 da
715 1433 849 1474 war/
876 1422 999 1479 ohne
1009 1422 1150 1487 einige
1157 1426 1260 1477 Con-

260 1502 426 1532 currenz
449 1496 540 1537 mit
560 1488 750 1546 einigem
773 1487 985 1536 andern/
1007 1487 1107 1540 und
1137 1487 1280 1547 ſonſt

258 1561 347 1606 vor
361 1550 550 1605 nichts/
580 1546 839 1608 angegeben
854 1547 952 1598 und
961 1559 1132 1614 geriret.

298 1610 391 1666 Die
410 1608 559 1668 uͤbrige
581 1608 763 1663 Stellen
784 1610 892 1666 ſind
893 1607 927 1666 ſ.
942 1619 1042 1666 179.
1062 1619 1134 1662 wo
1153 1611 1255 1673 Zin-

257 1672 432 1735 zendorf
440 1684 570 1731 gegen
590 1676 669 1728 den
691 1669 890 1743 teutſchen
907 1668 1257 1734 Zeitungsſchrei-

257 1740 332 1787 ber
353 1735 398 1787 in
419 1732 736 1797 Penſylvanien
763 1733 840 1793 sich
861 1743 1009 1796 reget,
1041 1734 1143 1788 aber
1176 1739 1257 1789 mit

257 1798 417 1850 keinem
435 1797 625 1856 eintzigen
644 1797 811 1849 Grund
837 1793 1120 1857 vertheidiget.
1164 1799 1257 1869 Jn-

255 1859 451 1922 gleichem
470 1860 497 1909 ſ.
513 1872 611 1916 109.
622 1857 655 1920 f.
684 1869 757 1908 wo
782 1870 827 1909 er
848 1855 976 1917 ſeiner
1011 1860 1055 1909 in
1073 1853 1257 1925 Penſyl-

250 1923 408 1978 vanien
416 1924 658 1982 gehaltenen
668 1919 814 1986 ſieben
822 1920 1257 1987 General-Versam-

253 1985 423 2048 lungen
441 1982 669 2043 gedencket,
669 1982 771 2043 auch
784 1982 908 2043 ſogar
918 1990 1060 2039 etwas
1075 1996 1159 2037 von
1173 1991 1252 2039 den

257 2042 495 2118 Schluͤſſen
522 2050 608 2099 und
624 2046 865 2104 Decreten,
888 2049 961 2102 der
982 2046 1253 2105 verſamleten

259 2108 432 2171 Vaͤter,
432 2108 546 2171 nicht
559 2113 743 2168 weniger
752 2110 842 2162 eine
856 2109 1112 2174 lateiniſche
1120 2111 1254 2167 Rede

629 2170 673 2229 A
702 2187 736 2218 2

1064 2174 1245 2236 mitthei-
