1699 2687
934 372 979 404 27

287 371 363 400 Vom
385 371 511 407 Gerippe
533 371 583 397 der
601 370 795 405 Säugethiere.

103 451 334 492 Menschen,
373 450 540 496 doppelt.
624 447 773 483 Meines
809 452 978 489 Wissens

101 512 186 546 sind
200 513 252 548 sie
264 514 332 558 bey
351 514 421 549 den
435 513 713 560 Quadrupeden
724 511 817 548 weit
833 516 978 561 gröſser

98 577 151 609 als
177 577 292 621 beym
312 577 544 620 Menschen,
569 578 698 613 zumal
724 578 795 622 bey
821 578 892 624 den
915 591 975 624 pe-

99 639 240 674 coribus
254 652 331 673 von
347 637 591 675 auffallender
602 644 732 689 Länge
748 641 826 676 und
837 642 975 679 Weite.

96 704 145 736 So
170 702 265 735 auch
293 700 350 737 im
373 703 720 752 Hasengeschlecht
740 704 791 750 *).

479 837 509 874 §.
541 834 597 868 16.

176 899 386 936 Besonders
411 902 676 951 merkwürdig
698 903 782 945 sind
807 904 881 962 bey
899 905 974 941 den

97 964 260 1013 meisten
284 967 473 1013 pecoribus
495 967 554 1002 die
577 980 623 1002 an
649 968 713 1003 der
735 969 975 1007 Auſsenseite

94 1027 159 1062 der
192 1028 411 1065 Oberkiefer
445 1031 565 1064 neben
602 1031 673 1064 den
706 1033 973 1068 Nasenbeinen

94 1089 349 1127 befindlichen
383 1091 721 1142 grubenförmigen
753 1094 972 1138 Eindrücke

94 1169 170 1199 von
209 1157 283 1201 den
302 1158 450 1201 auſsen
483 1159 598 1194 daran
633 1159 833 1213 liegenden
862 1174 973 1210 soge-

94 1230 264 1260 nannten
291 1222 424 1259 sinibus
447 1224 611 1261 sebaceis.
640 1227 686 1259 —
743 1228 862 1277 Beym
893 1229 970 1262 Ha-

92 1297 179 1328 sen,
209 1285 274 1321 der
299 1286 394 1321 auch
421 1288 574 1332 hierin,
597 1301 637 1324 so
664 1289 737 1324 wie
763 1289 803 1323 in
825 1301 867 1326 so
893 1290 968 1325 vie-

89 1352 152 1386 len
183 1353 324 1387 andern
352 1353 517 1390 Stücken
551 1354 674 1389 seines
703 1358 842 1397 Baues,
882 1355 967 1391 eine

89 1428 131 1450 so
182 1414 409 1452 auffallende
455 1414 724 1454 Aehnlichkeit
770 1421 841 1455 mit
889 1422 964 1458 den

87 1481 429 1517 wiederkauenden
458 1482 620 1528 Thieren
649 1484 751 1528 jener
777 1488 963 1537 Ordnung

845 1555 959 1602 zeigt,

148 1662 181 1703 *)
205 1662 270 1702 Bey
295 1665 472 1702 manchen,
503 1666 567 1698 wie
588 1678 617 1700 z.
636 1669 674 1702 E.
696 1670 793 1710 beym
816 1670 955 1710 Löwen,

199 1718 273 1747 sind
304 1719 357 1748 die
389 1722 558 1763 Ausgänge
583 1725 689 1754 dieser
712 1726 840 1767 groſsen
867 1729 954 1758 Oeff-

198 1783 332 1814 nungen
355 1785 406 1806 am
426 1778 569 1808 Gaumen
592 1782 686 1819 sogar
702 1783 796 1821 beym
815 1783 953 1815 lebendi-

196 1838 258 1866 gen
282 1830 403 1863 Thiere
431 1834 505 1863 sehr
534 1835 693 1866 sichtlich.
719 1854 760 1861 —
795 1849 821 1870 s.
838 1840 877 1876 J.
889 1841 950 1872 EL.

196 1884 402 1918 RIDINGER’S
437 1890 622 1931 Abbildung
649 1892 705 1923 des
729 1894 862 1925 zahmen
889 1897 951 1926 Lö-

195 1951 289 1976 wen,
313 1944 371 1974 der
385 1947 475 1981 1760.
498 1947 534 1976 in
556 1948 780 1980 Deutschland
794 1960 835 1983 zu
846 1951 949 1982 sehen

194 2009 356 2040 gewesen,
379 2011 428 2043 gr.
443 2003 511 2034 Fol.
