1553 2607
265 136 300 193 4

401 126 735 190 Herrnhuterey
743 124 797 185 in
802 126 920 190 ihrer
930 129 1232 190 Schalkheit.

274 227 395 288 deſen
395 227 654 288 Verfahren
667 228 718 288 in
718 228 1048 288 Penſilvanien,
1057 227 1404 300 Beweisgruͤnde

280 299 362 346 des
380 290 725 351 Kreutzreichs/
745 293 793 340 in
813 291 945 347 ſeiner
958 289 1233 348 Unſchuld/
1250 303 1296 350 zu
1309 282 1403 353 neh-

278 354 395 416 men,
395 354 567 416 dienlich
577 352 721 413 findet.
721 352 835 413 Das
845 347 899 408 iſt
899 347 967 408 die
975 352 1066 418 eꝛſte
1066 352 1238 418 Uꝛſache
1250 356 1405 406 meines

282 406 452 482 jetzigen
452 406 751 482 Vorhabens.
809 409 908 466 Die
918 409 1072 465 andere
1083 415 1256 479 beſtehet
1264 421 1404 469 darin-

275 497 382 535 nen,
400 480 486 535 daß
496 468 806 538 verſchiedenes
806 468 901 538 von
923 479 1002 544 den
1024 470 1400 537 Penſylvaniſchen

283 543 498 607 Haͤndeln
510 545 598 592 und
608 550 724 600 zwar
737 532 851 597 ſelbſt
860 551 946 587 von
955 534 1105 597 deren
1105 534 1341 597 Urhebern,
1365 544 1406 593 in

280 612 367 664 den
392 606 492 671 (**)
522 601 672 659 Druck
701 601 883 663 gegeben
904 590 1000 662 iſt.
1026 600 1111 656 Da
1134 614 1222 659 nun
1240 601 1408 664 Zinzen-

1318 665 1415 732 dorf

413 800 649 862 mittheilet,
660 800 815 861 welche
825 812 870 849 er
881 811 959 850 vor
976 803 1071 851 dem
1090 804 1358 864 Gouverneur
1367 806 1411 855 in

411 864 734 930 Penſylvanien
792 865 989 925 gehalten
1039 864 1176 926 haben
1224 853 1341 925 will,
1377 867 1409 929 f.

423 932 530 990 168.
561 940 613 984 ꝛc.
637 939 690 977 ꝛc.

352 992 452 1054 (**)
471 993 572 1045 Der
581 989 703 1046 Titel
721 986 847 1045 dieſer
863 984 1060 1047 Schrift
1060 984 1217 1047 heiſet:
1217 984 1409 1047 authenti-

419 1056 514 1115 ſche
524 1054 751 1105 Relation
762 1065 859 1102 von
871 1054 974 1101 dem
988 1053 1166 1116 Anlaß/
1166 1053 1414 1116 Fortgang/

417 1119 519 1170 und
537 1115 755 1177 Schluſſe
777 1109 855 1167 der
872 1128 952 1165 am
980 1128 1017 1160 1.
1037 1121 1136 1167 und
1154 1125 1200 1166 2.
1220 1113 1414 1182 Januar.

425 1185 558 1238 1742.
577 1181 626 1231 in
645 1181 996 1230 Germantown
1017 1173 1285 1243 gehaltenen
1303 1168 1414 1232 Ver-

421 1243 633 1303 ſamlung
650 1257 703 1291 ꝛc.
724 1256 781 1290 ꝛc.
812 1242 1175 1305 Philadelphia/
1210 1245 1412 1302 gedruckt

424 1310 524 1361 und
537 1319 590 1365 zu
600 1307 752 1367 haben
765 1306 845 1366 bey
857 1293 923 1365 B.
923 1293 1176 1365 Fraͤncklin.
1184 1295 1313 1368 Unter
1322 1308 1412 1356 eben

437 1366 588 1427 dieſem
607 1368 725 1428 Titel
748 1367 798 1427 iſt
821 1369 893 1421 die
925 1364 1208 1436 Nachricht
1208 1364 1314 1436 von
1340 1371 1411 1421 der

426 1442 629 1492 zweyten
637 1430 982 1492 Verſamlung/
1000 1433 1044 1480 in
1054 1427 1276 1488 demſelben
1295 1431 1414 1492 Jahr

430 1501 517 1544 ans
529 1494 639 1560 Licht
651 1501 867 1554 getreten,
886 1499 974 1543 und
998 1492 1039 1550 ſo
1061 1494 1165 1552 auch
1182 1491 1251 1556 die
1251 1491 1415 1556 uͤbrige.

427 1550 564 1613 Auſer
580 1560 666 1614 daß
685 1553 793 1616 dieſe
793 1553 1101 1616 Verſamlung
1113 1549 1201 1613 eine
1201 1549 1419 1613 General-

429 1616 738 1681 Verſamlung
763 1618 846 1679 auf
861 1623 955 1669 dem
976 1619 1133 1672 vierten
1145 1619 1345 1674 Titelblat
1357 1632 1419 1678 ge-

424 1690 583 1732 nennet
602 1676 731 1738 wird,
746 1685 833 1739 und
850 1679 932 1744 auf
947 1682 1045 1749 dem
1045 1682 1249 1749 Fuͤnften
1266 1680 1416 1742 ſchlech-

429 1744 657 1807 terdings,
675 1746 765 1801 eine
783 1746 1096 1811 Verſamlung
1113 1752 1191 1800 der
1209 1749 1417 1800 Gemeine

427 1807 643 1859 GOttes
643 1807 715 1859 im
722 1809 876 1871 Geiſt.
923 1806 1016 1861 Die
1027 1809 1209 1869 ſiebende
1219 1806 1421 1866 Verſam-

430 1871 534 1929 lung
556 1870 684 1926 aber,
717 1869 838 1930 heiſet
872 1869 936 1921 ein
968 1873 1417 1936 General-Synodus

429 1934 511 1984 der
541 1933 762 1985 Gemeine
781 1935 990 1987 GOttes
1007 1938 1075 1987 im
1094 1931 1245 1997 Geiſt.
1304 1934 1420 1987 Alles

433 1994 671 2056 zuſammen
692 1993 863 2056 beſtehet
877 2002 963 2047 aus
979 2007 1082 2047 120.
1100 1988 1267 2052 Seiten
1287 2000 1332 2054 in
1340 2016 1364 2054 4
1368 2004 1414 2044 to.

496 2054 589 2117 Jch
615 2056 701 2126 ſehe
724 2069 841 2118 zwar
872 2066 960 2114 aus
987 2062 1151 2121 einigen
1185 2065 1410 2113 anderswo

432 2118 712 2184 angefuͤhrten
741 2123 946 2183 Stellen,
971 2125 1057 2185 daß
1089 2128 1163 2178 der
1197 2116 1419 2188 Zeitungs-

1243 2184 1420 2248 Schrei-
