1732 2383
263 254 383 304 Man
397 251 511 306 ſaget
522 252 668 304 auch/
681 252 765 295 das
776 247 825 302 ſie
837 258 930 302 zum
942 246 1100 302 zeichen
1120 250 1189 293 ein

173 309 344 365 jglicher
364 312 474 355 oben
488 320 543 352 an
560 308 690 360 ſeinen
706 305 835 359 hoſen
854 310 970 350 einen
994 303 1188 359 Strahel

170 369 233 422 ſol
244 367 387 422 haben
397 374 421 420 /
433 365 567 417 dabey
580 363 630 414 ſie
642 366 838 407 einander
846 363 1065 406 erkennen.

134 472 277 521 26
277 472 423 521 Mehr
436 472 542 514 wird
554 472 795 523 angezeigt/
808 471 894 512 das
905 469 1010 511 einer
1023 466 1190 513 Huner

172 536 259 574 von
286 526 524 574 Widebock
543 530 732 577 genandt
747 531 772 576 /
785 525 897 574 habe
919 522 1021 574 dieſe
1043 521 1193 570 Geſel-

171 581 325 637 ſchafft
339 584 417 635 bey
429 585 654 632 einander/
664 592 751 625 von
766 583 898 622 denen
912 578 1040 629 ſollen
1050 583 1192 631 zween

173 636 390 693 einkomen
404 643 424 693 /
443 639 533 691 vnd
533 639 697 691 gericht
707 634 882 689 worden
896 634 992 689 ſein.

518 796 687 856 Dieſes
697 799 879 865 Zeichen
885 802 939 859 iſt
946 811 994 856 zu
1006 799 1201 856 Magde-

454 856 578 917 burg
593 868 663 914 an
678 865 785 908 dem
809 862 933 905 einen
961 853 1210 908 thorfluͤgel

464 921 680 969 gefunden
693 921 866 962 worden
878 920 902 968 /
922 920 1006 958 das
1020 919 1099 964 hat
1121 919 1196 954 be-

466 979 565 1017 deut
577 976 604 1024 /
628 975 714 1018 das
735 976 805 1017 der
826 974 909 1016 eine
922 972 1100 1025 hinweg
1118 975 1196 1017 ge-

468 1027 586 1084 weſt.

534 1346 753 1399 Darnach
774 1346 822 1399 iſt
841 1353 897 1389 an
921 1345 1017 1387 dem
1037 1342 1201 1386 andern

472 1399 701 1457 thorfluͤgel
720 1402 848 1453 dieſes
868 1400 1050 1452 Zeichen
1063 1396 1202 1447 gefun

472 1464 552 1502 den
566 1460 766 1506 worden/
779 1459 850 1499 als
861 1466 908 1506 zu
925 1453 1208 1507 vnterrichten

473 1517 544 1558 der
554 1515 682 1558 ander
700 1512 747 1566 iſt
759 1511 927 1557 komen.

257 1734 367 1783 Des
379 1732 632 1788 Hertzogen
652 1746 740 1782 von
752 1732 1053 1783 Wirtenbergs
1069 1727 1208 1775 Stete

182 1796 270 1838 vnd
287 1790 465 1846 flecken/
465 1790 566 1846 ſind
574 1802 669 1845 zum
685 1791 846 1849 mehrer
867 1792 934 1837 teil
945 1788 1211 1839 ausgebrent

180 1848 296 1901 Gott
308 1848 494 1894 erbarme
505 1856 568 1895 es.

942 1945 1207 2004 Ambroſius
